1917 3284
131 312 134 317 ,
301 257 347 311 De
360 248 445 330 residi.
460 251 491 308 in
504 249 558 310 alio
570 268 633 331 gen.
761 251 817 330 45'3

128 351 254 418 propter
268 336 370 415 culpas
386 333 552 393 admodum
570 340 661 399 leves,
682 335 754 417 qnia
770 339 819 394 in·

128 419 331 485 famationes,
353 417 628 486 dehonorationes,
648 438 680 476 ac
701 435 821 498 petens·

130 500 567 560 fionesletessuntadmodnnr
586 501 819 583 frcqttentenat·

131 603 194 664 que
209 581 250 642 est
266 582 486 641 difficillimum
500 585 536 641 ab
550 585 612 641 iilis
626 582 756 643 omnino
767 586 820 644 ab·

130 668 248 728 Itinere.
290 663 338 724 15st
353 662 421 724 verb
439 661 513 744 saepe
527 667 717 745 impossibilis
732 687 820 741 com·

133 747 270 831 pensatio
288 749 407 806 illarum
425 748 580 829 adaequata
592 751 620 807 iu
632 751 752 829 proptio
767 771 820 832 ge-

133 852 202 892 nete
212 874 220 900 ,
235 852 267 889 nc
283 830 410 910 proinde
431 829 600 913 frequentet
613 832 673 890 dieti
691 834 819 898 deberet,

109 938 114 945 ·
134 931 186 996 per
195 916 355 994 pecuniata
374 922 401 973 dt
419 933 488 971 eum
503 914 606 981 nullae,
620 935 670 974 aut
684 917 734 974 rix
750 917 819 974 ollae

138 997 821 1079 adequentjaeiuramutcunquepatvamho·

134 1080 218 1146 noris
236 1088 262 1138 dt
279 1075 403 1146 salutis,
419 1077 590 1159 sequeretur
604 1081 822 1160 inconvenieus

134 1160 335 1243 propufitnrn.
358 1161 445 1222 Vnde
460 1163 583 1222 ulterius
596 1160 688 1230 fieret,
706 1183 738 1222 nt
752 1163 820 1244 plu-

135 1264 180 1305 res
192 1242 305 1323 sponte,
317 1243 444 1326 dataque
459 1261 550 1323 opera·
560 1248 721 1306 excitarent
734 1264 820 1311 tiras,

139 1334 380 1405 &provocarent
402 1331 558 1407 proximos
580 1329 709 1389 marine
731 1349 821 1408 pecn-

138 1407 242 1471 uiosos
255 1412 292 1468 ad
308 1412 380 1469 iram
397 1409 580 1477 hocanimo,
591 1432 624 1470 ut
639 1431 757 1491 accepta
771 1414 822 1488 in·

138 1493 216 1571 juria
232 1512 319 1572 parta
335 1496 366 1553 in
382 1493 496 1552 honore
519 1495 567 1552 vel
590 1491 683 1553 salute
703 1496 822 1574 accipe·

137 1595 203 1636 tent
219 1575 329 1634 deinde
345 1579 374 1635 in
390 1574 666 1657 compensationem
683 1577 745 1637 vim
759 1595 823 1651 ma·¹

138 1679 229 1743 gnam
246 1663 450 1738 pecuniarum.

202 1746 333 1820 Apparet
353 1746 479 1826 inquam
503 1743 714 1822 probationem
736 1742 823 1804 istam

138 1822 486 1887 noneffesufficieutem.
542 1824 823 1906 uiajamostensum

139 1909 181 1969 est
198 1909 342 1968 summam
359 1914 552 1990 pecuniarum
571 1932 630 1969 non
649 1909 824 1993 usqueadeo

140 2002 337 2076 magonem&
355 2014 421 2075 quae
439 2017 499 2053 non
515 1992 687 2056 sufficiatad
703 2014 823 2052 mutan-

141 2076 210 2135 dam
229 2078 401 2135 notabiliter
423 2077 578 2137 fortnnam
595 2077 731 2134 hominis
746 2069 826 2154 poffe

139 2157 244 2241 quoad
259 2157 510 2220 finemintentum
527 2158 670 2234 &justitia
686 2179 825 2237 prepon-

139 2245 238 2301 derare
254 2264 348 2322 patuae
364 2246 485 2320 jadiurae
509 2243 647 2305 honoris,
664 2261 698 2298 ac
713 2238 827 2303 salutis.

139 2327 238 2406 quue
249 2348 308 2384 uon
321 2324 592 2384 levitereonfirmat
609 2321 829 2402 postremapata

139 2411 388 2468 inconvenientis
404 2403 751 2487 propositidefrequeuti
761 2427 826 2464 am·

130 2494 260 2554 'bitionc
270 2490 418 2573 ejusmodi
432 2491 612 2566 injuriarum
622 2509 674 2570 pro
684 2486 829 2549 habendis

141 2578 173 2635 in
193 2571 469 2655 compensationem
487 2575 631 2656 pecuniis.
667 2574 827 2633 Nectnim

94 2720 98 2725 .
141 2658 296 2744 frequenti
312 2658 478 2723 ambitioni
493 2654 660 2741 expediunt
676 2655 727 2725 est,
744 2651 830 2748 quod

739 2752 855 2801 munus
